<?xml version="1.0" encoding="UTF-8"?><collection xmlns="http://www.loc.gov/MARC21/slim"><record><leader>00551nam--2200169-i-4500</leader><controlfield tag="001">000026415</controlfield><controlfield tag="002">20161230</controlfield><controlfield tag="005">20161230201036</controlfield><controlfield tag="008">060222s1000------------r-----000-0-eng-d</controlfield><datafield ind1=" " ind2=" " tag="040"><subfield code="a">IFIN-HH</subfield></datafield><datafield ind1=" " ind2=" " tag="080"><subfield code="a">621.319.2:537.226(061.3)</subfield></datafield><datafield ind1="1" ind2=" " tag="110"><subfield code="a">Instituto De Fisica E Quimica De Sao Carlos</subfield></datafield><datafield ind1="1" ind2="0" tag="245"><subfield code="a">International symposium on electrets and dielectrics</subfield><subfield code="b">Honoring the 70th birthday of prof. bernhard gross</subfield></datafield><datafield ind1=" " ind2=" " tag="260"><subfield code="a">Sao Paulo</subfield><subfield code="b">Academia Brasileira Dse Ciencias</subfield><subfield code="c">1977</subfield></datafield><datafield ind1=" " ind2=" " tag="300"><subfield code="a">447P</subfield></datafield><datafield ind1=" " ind2=" " tag="852"><subfield code="a">46300</subfield><subfield code="c">537.226</subfield></datafield><datafield ind1=" " ind2=" " tag="CAT"><subfield code="a">Sys</subfield><subfield code="c">20110706</subfield><subfield code="h">155449</subfield></datafield></record></collection>